<?xml version="1.0" encoding="UTF-8"?><record xmlns="http://www.loc.gov/MARC21/slim" xmlns:cinclude="http://apache.org/cocoon/include/1.0" xmlns:zs="http://www.loc.gov/zing/srw/">
  <leader>00521nz  a2200133n  4500</leader>
  <controlfield tag="001">no2010208232</controlfield>
  <controlfield tag="003">DLC</controlfield>
  <controlfield tag="005">20101230075143.0</controlfield>
  <controlfield tag="008">101228n| acannaabn          |n aaa     c</controlfield>
  <datafield tag="010" ind1=" " ind2=" ">
    <subfield code="a">no2010208232</subfield>
  </datafield>
  <datafield tag="035" ind1=" " ind2=" ">
    <subfield code="a">(OCoLC)oca08725803</subfield>
  </datafield>
  <datafield tag="040" ind1=" " ind2=" ">
    <subfield code="a">NNC</subfield>
    <subfield code="b">eng</subfield>
    <subfield code="c">NNC</subfield>
  </datafield>
  <datafield tag="100" ind1="1" ind2=" ">
    <subfield code="a">LuĚbke, Ingrid,</subfield>
    <subfield code="d">1942-</subfield>
  </datafield>
  <datafield tag="670" ind1=" " ind2=" ">
    <subfield code="a">Kooperative Stadtentwicklung durch kooperative Planung, c2010:</subfield>
    <subfield code="b">t.p. (Ingrid LuĚbke) p. 230 (b. 1942; Dipl.-Ing. for architecture and municipal construction, TU Berlin; colleague TU Berlin and Tu Eindhoven (Netherlands))</subfield>
  </datafield>
</record>